@article{einstein,
    author =       "Albert Einstein",
    title =        "{Zur Elektrodynamik bewegter K{\"o}rper}. ({German})
    [{On} the electrodynamics of moving bodies]",
    journal =      "Annalen der Physik",
    volume =       "322",
    number =       "10",
    pages =        "891--921",
    year =         "1905",
    DOI =          "http://dx.doi.org/10.1002/andp.19053221004",
    keywords =     "physics"
}
 
@book{dirac,
    title={The Principles of Quantum Mechanics},
    author={Paul Adrien Maurice Dirac},
    isbn={9780198520115},
    series={International series of monographs on physics},
    year={1981},
    publisher={Clarendon Press},
    keywords = {physics}
}
 
@online{knuthwebsite,
    author    = "Donald Knuth",
    title     = "Knuth: Computers and Typesetting",
    url       = "http://www-cs-faculty.stanford.edu/~uno/abcde.html",
    keywords  = "latex,knuth"
}
 
@inbook{knuth-fa,
    author = "Donald E. Knuth",
    title = "Fundamental Algorithms",
    publisher = "Addison-Wesley",
    year = "1973",
    chapter = "1.2",
    keywords  = "knuth,programming"
}

@online{jmeter,
  editor = "Apache Software Foundation",
  title = "Apache JMeter",
  url = "http://jmeter.apache.org/"
}

@online{nmon,
  url = "http://nmon.sourceforge.net/pmwiki.php",
  title = "Nigel's performance monitor for Linux",
  author = "Nigel Griffiths"
}

@online{swing_wiki,
  editor = "Wikipedia,",
  title = "Swing (Java)",
  url = "https://en.wikipedia.org/wiki/Swing_%28Java%29"
}

@online{activemq,
  editor = "Apache Software Foundation",
  title = "Apache ActiveMQ",
  url = "http://activemq.apache.org/"
}

@online{mybatis,
  author = "Clinton Begin",
  title = "MyBatis",
  url = "http://www.mybatis.org/mybatis-3/"
}

@online{vbscript,
  author = "Microsoft Corporation",
  title = "How to automate Excel from a client-side VBScript",
  url = "https://support.microsoft.com/en-us/help/198703/how-to-automate-excel-from-a-client-side-vbscript"
}

@online{gitlab,
  editor = "GitLab",
  title = "About GitLab",
  url = "https://about.gitlab.com/"
}

@online{gitlab-ci,
  editor = "GitLab",
  title = "GitLab Continuous Integration \& Deployment",
  url = "https://about.gitlab.com/features/gitlab-ci-cd/"
}  

@online{sonarqube,
  editor = "SonarSource",
  title = "SonarQube",
  url = "https://www.sonarqube.org"
} 

@online{zap,
  editor = "The Open Web Application Security Project (OWASP)",
  title = "OWASP Zed Attack Proxy",
  url = "https://www.owasp.org/index.php/OWASP_Zed_Attack_Proxy_Project"
}

@online{owasp,
  editor = "The Open Web Application Security Project (OWASP)",
  title = "OWASP, the free and open software security community",
  url = "https://www.owasp.org/index.php/Main_Page"
}

@online{burp,
  editor = "PortSwigger Ltd",
  title = "Burp suite editions and features",
  url = "https://portswigger.net/burp"
}

@online{docker,
  editor = "Docker Inc.",
  title = "Docker",
  url = "https://www.docker.com/"
}

@online{docker_store,
  editor = "Docker Inc.",
  title = "The Docker Store",
  url = "https://store.docker.com/"
}

@online{docker_use_cases,
  editor = "airpair.com",
  title = "8 Proven Real-World Ways to Use Docker",
  url = "https://www.airpair.com/docker/posts/8-proven-real-world-ways-to-use-docker"
}

@online{kubernetes,
  editor = "The Linux Foundation (initialement Google)",
  title = "Kubernetes: Production-Grade Container Orchestration",
  url = "https://kubernetes.io/"
}

@online{swarm,
  editor = "Docker Inc.",
  title = "Swarm mode overview",
  url = "https://docs.docker.com/engine/swarm/"
}

@online{yaml,
  author = "Clark Evans and Brian Ingerson and Oren Ben-Kiki",
  title = "YAML: YAML Ain't Markup Language",
  url = "http://yaml.org/"
}

@online{yaml_refcard,
  editor = "yaml.org",
  title = "%YAML 1.1 Reference card",
  url = "http://www.yaml.org/refcard.html"
}

@online{soapui,
  editor = "SmartBear",
  title = "SoapUI",
  url = "https://www.soapui.org/"
}

@online{ci_wiki,
  editor = "Wikipedia",
  title = "Intégration continue",
  url = "https://fr.wikipedia.org/wiki/Int%C3%A9gration_continue"
}

@online{fsi,
  editor = "Aix-Marseille Université",
  title = "Fiabilité et sécurité informatique (FSI)",
  url = "http://masterinfo.univ-mrs.fr/FSI.html"
}

@online{esn_wiki,
  editor = "Wikipedia",
  title = "Entreprise de services du numérique",
  url = "https://fr.wikipedia.org/wiki/Entreprise_de_services_du_num%C3%A9rique"
}

@online{cnil,
  editor = "CNIL",
  title = "Textes officiels européens protection des données",
  url = "https://www.cnil.fr/fr/textes-officiels-europeens-protection-donnees"
}

@online{zap_api,
  editor = "The Open Web Application Security Project (OWASP)",
  title = "The ZAP API",
  url = "https://github.com/zaproxy/zaproxy/wiki/ApiDetails"
}

@online{zap_cli,
  editor = "The Open Web Application Security Project (OWASP)",
  title = "
Command Line",
  url = "https://github.com/zaproxy/zap-core-help/wiki/HelpCmdline"
}

@online{gitlab_ci_workflow,
  editor = "GitLab",
  title = "GitLab Workflow : an overview",
  url = "https://about.gitlab.com/2016/10/25/gitlab-workflow-an-overview/"
}

@online{gitlab_docker_build,
  editor = "GitLab",
  title = "Using docker build",
  url = "https://docs.gitlab.com/ee/ci/docker/using_docker_build.html"
}

@online{,
  editor = "",
  title = "",
  url = ""
}

@online{,
  editor = "",
  title = "",
  url = ""
}

@online{,
  editor = "",
  title = "",
  url = ""
}

@online{,
  editor = "",
  title = "",
  url = ""
}


%%%%%%%%%%%%%%%%%%%%%%%%%%%%%%%
% Template pour copier/coller %
% À supprimer pour compiler   %
%%%%%%%%%%%%%%%%%%%%%%%%%%%%%%%
@online{,
  editor = "",
  title = "",
  url = ""
}